@misc{bracha-2022-ampleforth,
  author    = {Gilad Bracha},
  title     = {Ampleforth: A Live Literate Editor},
  howpublished = {Presented at Workshop on Live Programming (LIVE 2022)},
  year      = {2022},
  address   = {Auckland, New Zealand},
  note      = {Workshop presentation},
  url       = {https://blog.bracha.org/Ampleforth-Live22/out/primordialsoup.html?snapshot=Live22Submission.vfuel}
}

@InProceedings{voelter-2014-projectional,
author="Voelter, Markus
and Siegmund, Janet
and Berger, Thorsten
and Kolb, Bernd",
editor="Combemale, Beno{\^i}t
and Pearce, David J.
and Barais, Olivier
and Vinju, Jurgen J.",
title="Towards User-Friendly Projectional Editors",
booktitle="Software Language Engineering",
year="2014",
publisher="Springer International Publishing",
address="Cham",
pages="41--61",
isbn="978-3-319-11245-9"
}

@misc{jupyter-2025-widgets,
  author = {{Project Jupyter}},
  title  = {Jupyter Widgets 8.1.7 Documentation},
  year   = {2025},
  url    = {https://ipywidgets.readthedocs.io},
  howpublished = {Available online}
}

@misc{litt-2022-potluck,
  author       = {Geoffrey Litt and Max Schoening and Paul Shen and Paul Sonnentag},
  title        = {Potluck: Dynamic Documents as Personal Software},
  year         = {2022},
  howpublished = {Available online},
  publisher    = {Ink \& Switch},
  url          = {https://www.inkandswitch.com/potluck/},
}

@misc{edwards-2025-retro,
  author       = {Jonathan Edwards},
  title        = {Subtext Retrospective},
  year         = {2025},
  howpublished = {Online. Retrieved 29 September 2025},
  url          = {https://www.subtext-lang.org/retrospective.html},
}

@techreport{bock-2016-spreadsheet,
  author      = {Alexander Asp Bock},
  title       = {A Literature Review of Spreadsheet Technology},
  institution = {IT University of Copenhagen},
  series      = {IT University Technical Report Series},
  number      = {TR-2016-199},
  year        = {2016},
  month       = nov,
  issn        = {1600-6100}
}

@book{nardi-1993-small,
  author    = {Bonnie A. Nardi},
  title     = {A Small Matter of Programming: Perspectives on End User Computing},
  year      = {1993},
  publisher = {MIT Press},
  address   = {Cambridge, MA},
  isbn      = {9780262140539}
}

@inproceedings{edwards-2022-copy,
author = {Edwards, Jonathan and Petricek, Tomas},
title = {Interaction vs. Abstraction: Managed Copy and Paste},
year = {2022},
isbn = {9781450399104},
publisher = {Association for Computing Machinery},
address = {New York, NY, USA},
doi = {10.1145/3563836.3568723},
booktitle = {Proceedings of the 1st ACM SIGPLAN International Workshop on Programming Abstractions and Interactive Notations, Tools, and Environments},
pages = {11–19},
numpages = {9},
location = {Auckland, New Zealand},
series = {PAINT 2022}
}

@article{perera-2022-linked,
author = {Perera, Roly and Nguyen, Minh and Petricek, Tomas and Wang, Meng},
title = {Linked visualisations via Galois dependencies},
year = {2022},
issue_date = {January 2022},
publisher = {Association for Computing Machinery},
address = {New York, NY, USA},
volume = {6},
number = {POPL},
doi = {10.1145/3498668},
journal = {Proc. ACM Program. Lang.},
month = jan,
articleno = {7},
numpages = {29},
keywords = {Galois connections, data provenance}
}

@inproceedings{fahrenbach-2019-provenance,
author = {Fehrenbach, Stefan and Cheney, James},
title = {Language-integrated provenance by trace analysis},
year = {2019},
isbn = {9781450367189},
publisher = {Association for Computing Machinery},
address = {New York, NY, USA},
doi = {10.1145/3315507.3330198},
booktitle = {Proceedings of the 17th ACM SIGPLAN International Symposium on Database Programming Languages},
pages = {74–84},
numpages = {11},
keywords = {query normalization, provenance, language-integrated query, language-integrated provenance},
location = {Phoenix, AZ, USA},
series = {DBPL 2019}
}

@article{edwards-2025-schema,
  author    = {Jonathan Edwards and Tomas Petricek and Tijs van der Storm and Geoffrey Litt},
  title     = {Schema Evolution in Interactive Programming Systems},
  journal   = {The Art, Science, and Engineering of Programming},
  year      = {2025},
  volume    = {9},
  number    = {1},
  pages     = {1--34},
  doi       = {10.22152/programming-journal.org/2025/9/2},
}

@inproceedings{burnett-2014-frieda,
author = {Burnett, Margaret M. and Myers, Brad A.},
title = {Future of end-user software engineering: beyond the silos},
year = {2014},
isbn = {9781450328654},
publisher = {Association for Computing Machinery},
address = {New York, NY, USA},
doi = {10.1145/2593882.2593896},
booktitle = {Future of Software Engineering Proceedings},
pages = {201–211},
numpages = {11},
keywords = {End-user software engineering (EUSE), end-user development},
location = {Hyderabad, India},
series = {FOSE 2014}
}

@inproceedings{bazant-2018-nezt,
author = {Ba\v{z}ant, Pavel and Mar\v{s}\'{a}lkov\'{a}, Michaela},
title = {A non-tabular spreadsheet with broad applicability},
year = {2018},
isbn = {9781450355131},
publisher = {Association for Computing Machinery},
address = {New York, NY, USA},
doi = {10.1145/3191697.3214343},
booktitle = {Companion Proceedings of the 2nd International Conference on the Art, Science, and Engineering of Programming},
pages = {161–165},
numpages = {5},
keywords = {spreadsheets, projectional editing, end-user programming},
location = {Nice, France},
series = {Programming '18}
}

@article{burnett-2001-forms3,
  title={Forms/3: A first-order visual language to explore the boundaries of the spreadsheet paradigm},
  volume={11},
  DOI={10.1017/S0956796800003828},
  number={2},
  journal={Journal of Functional Programming},
  author  = {Burnett, Margaret and Atwood, John and Walpole Djang, Rebecca and Reichwein, James and Gottfried, Herkimer and Yang, Sherry},
  year={2001},
  pages={155–206}
}

@article{edwards-2024-schema,
  title={Schema Evolution in Interactive Programming Systems},
  author={Edwards, Jonathan and Petricek, Tomas and van der Storm, Tijs and Litt, Geoffrey},
  journal={The Art, Science, and Engineering of Programming},
  volume={9},
  number={2},
  pages={1--34},
  year={2024},
  publisher={AOSA, Inc.}
}



@book{nelson-1981-litmachines,
  author    = {Ted Nelson},
  title     = {Literary Machines: The Report on, and of, Project Xanadu Concerning Word Processing, Electronic Publishing, Hypertext, Thinkertoys, Tomorrow's Intellectual Revolution, and Certain Other Topics Including Knowledge, Education and Freedom},
  year      = {1981},
  publisher = {Mindful Press},
  address   = {Sausalito, CA},
  isbn      = {0893470554}
}

@inproceedings{bier-1991-docs,
author = {Bier, Eric A. and Pier, Ken},
title = {Documents as user interfaces},
year = {1991},
isbn = {0897913833},
publisher = {Association for Computing Machinery},
address = {New York, NY, USA},
doi = {10.1145/108844.108994},
booktitle = {Proceedings of the SIGCHI Conference on Human Factors in Computing Systems},
pages = {443–444},
numpages = {2},
location = {New Orleans, Louisiana, USA},
series = {CHI '91}
}

@inproceedings{petricek-2018-wrattler,
author = {Petricek, Tomas and Geddes, James and Sutton, Charles},
title = {Wrattler: reproducible, live and polyglot notebooks},
year = {2018},
publisher = {USENIX Association},
address = {USA},
booktitle = {Proceedings of the 10th USENIX Conference on Theory and Practice of Provenance},
pages = {6},
numpages = {1},
location = {London, UK},
series = {TaPP'18}
}

@inproceedings{radle-2017-codestrates,
author = {R\"{a}dle, Roman and Nouwens, Midas and Antonsen, Kristian and Eagan, James R. and Klokmose, Clemens N.},
title = {Codestrates: Literate Computing with Webstrates},
year = {2017},
isbn = {9781450349819},
publisher = {Association for Computing Machinery},
address = {New York, NY, USA},
doi = {10.1145/3126594.3126642},
booktitle = {Proceedings of the 30th Annual ACM Symposium on User Interface Software and Technology},
pages = {715–725},
numpages = {11},
keywords = {reprogrammable systems, real-time collaboration, literate programming, literate computing, interactive notebooks},
location = {Qu\'{e}bec City, QC, Canada},
series = {UIST '17}
}

@misc{edwards-2025-baseline,
      title={A Playable Demo of Live Database/Document Programming},
      author={Jonathan Edwards and Tomas Petricek},
      year={2025},
      url={https://thebaseline.dev/LIVE25submission/},
      howpublished = {Unpublished. Available online},
}

@inproceedings{borning-1986-prototypes,
author = {Borning, A. H.},
title = {Classes versus prototypes in object-oriented languages},
year = {1986},
isbn = {0818647434},
publisher = {IEEE Computer Society Press},
address = {Washington, DC, USA},
booktitle = {Proceedings of 1986 ACM Fall Joint Computer Conference},
pages = {36–40},
numpages = {5},
location = {Dallas, Texas, USA},
series = {ACM '86}
}

@misc{edwards-2021-subtext10,
      title={The Subtext Programming Language},
      author={Jonathan Edwards},
      year={2021},
      url={https://github.com/JonathanMEdwards/subtext10/blob/master/doc/language.md},
      note={Unpublished}
}

@misc{edwards-2021-typed,
      title={Typed Image-based Programming with Structure Editing},
      author={Jonathan Edwards and Tomas Petricek},
      year={2021},
      eprint={2110.08993},
      archivePrefix={arXiv},
      primaryClass={cs.PL},
      url={https://arxiv.org/abs/2110.08993},
      note={Presented at Human Aspects of Types and Reasoning Assistants (HATRA'21), Oct 19, 2021, Chicago, US}
}

@book{smith-1977-pygmalion,
  author    = {David Canfield Smith},
  title     = {Pygmalion: A Creative Programming Environment},
  year      = {1977},
  publisher = {Birkhäuser},
  address   = {Basel},
  isbn      = {3764309288}
}

@misc{edwards-2018-directprog,
  author       = {Jonathan Edwards},
  title        = {Direct Programming},
  year         = {2018},
  howpublished = {Video recording. Online},
  url          = {https://vimeo.com/274771188},
}

@mastersthesis{klotz-1989-boxer,
  author       = {Leigh L. Klotz, Jr.},
  title        = {Boxer: The Programming Language},
  school       = {MIT},
  year         = {1989},
  type         = {BSc thesis},
  address      = {Cambridge, MA},
  month        = jan,
  url = {https://boxer-project.github.io/boxer-literature/theses/Boxer,%20The%20Programming%20Language%20(Klotz,%20MIT%20BSc,%201989).pdf}
}

@misc{apple-1987-hypercard,
  author       = {{Apple Computer, Inc.}},
  title        = {HyperCard 2.3.5 Reference Manual},
  year         = {1987},
  howpublished = {Available online},
  url          = {https://cancel.fm/stuff/share/HyperCard_Reference_1.pdf}
}

@misc{edwards-2017-reifying,
  author       = {Jonathan Edwards},
  title        = {Reifying Programming},
  year         = {2017},
  howpublished = {Presetned at Workshop on Live Programming (LIVE 2017)},
  url          = {https://vimeo.com/228372549},
}


@inbook{abraham-2009-spreadsheets,
author = {Abraham, Robin and Burnett, Margaret and Erwig, Martin},
publisher = {John Wiley \& Sons, Ltd},
isbn = {9780470050118},
title = {Spreadsheet Programming},
booktitle = {Wiley Encyclopedia of Computer Science and Engineering},
pages = {2804-2810},
doi = {10.1002/9780470050118.ecse415},
year = {2009},
keywords = {spreadsheets, end-user software engineering, end-user programming, functional programming, spreadsheet research},
}

@techreport{bracha-2025-newspeak,
  author      = {Gilad Bracha},
  title       = {The Newspeak Programming System},
  institution = {The Ministry of Truth},
  year        = {2025},
  url         = {https://newspeaklanguage.org/pubs/newspeak-2025-tutorial.pdf},
}

@inproceedings{edwards-2004-example,
author = {Edwards, Jonathan},
title = {Example centric programming},
year = {2004},
isbn = {1581138334},
publisher = {Association for Computing Machinery},
address = {New York, NY, USA},
doi = {10.1145/1028664.1028713},
booktitle = {Companion to the 19th Annual ACM SIGPLAN Conference on Object-Oriented Programming Systems, Languages, and Applications},
pages = {124},
numpages = {1},
keywords = {debugging, eclipse, examples, integrated development environment, unit testing},
location = {Vancouver, BC, CANADA},
series = {OOPSLA '04}
}

@techreport{bracha-2025-example,
  author      = {Gilad Bracha},
  title       = {Newspeak by Example},
  institution = {The Ministry of Truth},
  year        = {2025},
  url         = {https://newspeaklanguage.org/samples/Literate/literate.html},
}

@misc{larkworthy-2025-lopecodetour,
  author = {Tom Larkworthy},
  title  = {The Lopecode Tour},
  year   = {2025},
  url    = {https://observablehq.com/@tomlarkworthy/lopecode-tour}
}

@inproceedings{maloney-1995-morphic,
author = {Maloney, John H. and Smith, Randall B.},
title = {Directness and liveness in the morphic user interface construction environment},
year = {1995},
isbn = {089791709X},
publisher = {Association for Computing Machinery},
address = {New York, NY, USA},
doi = {10.1145/215585.215636},
booktitle = {Proceedings of the 8th Annual ACM Symposium on User Interface and Software Technology},
pages = {21–28},
numpages = {8},
location = {Pittsburgh, Pennsylvania, USA},
series = {UIST '95}
}

@inproceedings{ungar-2007-self,
author = {Ungar, David and Smith, Randall B.},
title = {Self},
year = {2007},
isbn = {9781595937667},
publisher = {Association for Computing Machinery},
address = {New York, NY, USA},
doi = {10.1145/1238844.1238853},
booktitle = {Proceedings of the Third ACM SIGPLAN Conference on History of Programming Languages},
pages = {9–1–9–50},
location = {San Diego, California},
series = {HOPL III}
}

@misc{basman-2025-infusion,
  author = {Antranig Basman},
  title  = {Infusion 6},
  year   = {2025},
  howpublished = {Available online},
  url    = {https://github.com/fluid-project/infusion-6}
}

@misc{observable-2025-hq,
  author       = {Observable},
  title        = {{Observable: Explore and visualize data together}},
  year         = {2025},
  url          = {https://observablehq.com/},
}

@inproceedings{ohshima-2025-renkonpad,
 author    = {Yoshiki Ohshima and Adam Bouhenguel and Matthew Good},
 title     = {Renkon-pad: a Live and Self-Sustaining Programming Environment in Functional Reactive Programming},
 booktitle = {Proceedings of the 11th Programming Experience Workshop (PX'25)},
 address   = {Prague, Czech Republic},
 year      = {2025},
 note      = {To appear}
}

@book{cypher-1993-pbd,
  title={Watch what I do: {P}rogramming by demonstration},
  author={Cypher, Allen and Halbert, Daniel Conrad},
  year={1993},
  publisher={MIT press}
}

@techreport{disessa-2021-structures,
  author      = {Andrea A. diSessa},
  title       = {Boxer Structures},
  institution = {The diSessa Family Foundation},
  year        = {2021},
  url         = {https://boxer-project.github.io/docs/Boxer%20Structures%202021.pdf}
}

@inproceedings{conlen-2018-idyll,
author = {Conlen, Matthew and Heer, Jeffrey},
title = {Idyll: A Markup Language for Authoring and Publishing Interactive Articles on the Web},
year = {2018},
isbn = {9781450359481},
publisher = {Association for Computing Machinery},
address = {New York, NY, USA},
doi = {10.1145/3242587.3242600},
booktitle = {Proceedings of the 31st Annual ACM Symposium on User Interface Software and Technology},
pages = {977–989},
numpages = {13},
keywords = {artifact or system, interactiondesign, programming languages, programming/development support, prototyping/implementation, storytelling, visualization},
location = {Berlin, Germany},
series = {UIST '18}
}

@misc{petricek-2015-journalism,
  author       = {Tomas Petricek},
  title        = {The Gamma: Programming Tools for Data Journalism},
  year         = {2015},
  howpublished = {Extended abstract. Computation + Journalism Symposium, New York, USA},
  url          = {https://tomasp.net/academic/papers/data-journalism/extended-abstract.pdf},
}

@misc{countant-1994-arthistory,
  author       = {Dixie Coutant},
  title        = {Art History ({HyperCard} card stack)},
  year         = {1994},
  howpublished = {Sierra Vista High School, Archived by archive.org},
  url          = {https://archive.org/details/hypercard_art-history},
}

@misc{bandukwala-2024-planet,
  author       = {Alexander Bandukwala, Andrew Blinn, Cyrus Omar},
  title        = {Toward a Live, Rich, Composable, and Collaborative Planetary Compute Engine},
  year         = {2024},
  howpublished = {Extended abstract. Programming for the Planet (PROPL) workshop, London, UK},
  url          = {https://hazel.org/papers/propl24.pdf},
}

@inproceedings{borowski-2022-varv,
author = {Borowski, Marcel and Murray, Luke and Bagge, Rolf and Kristensen, Janus Bager and Satyanarayan, Arvind and Klokmose, Clemens Nylandsted},
title = {Varv: Reprogrammable Interactive Software as a Declarative Data Structure},
year = {2022},
isbn = {9781450391573},
publisher = {Association for Computing Machinery},
address = {New York, NY, USA},
doi = {10.1145/3491102.3502064},
booktitle = {Proceedings of the 2022 CHI Conference on Human Factors in Computing Systems},
articleno = {492},
numpages = {20},
location = {New Orleans, LA, USA},
series = {CHI '22}
}

@inproceedings{klokmose-2019-video,
author = {Klokmose, Clemens N. and Remy, Christian and Kristensen, Janus Bager and Bagge, Rolf and Beaudouin-Lafon, Michel and Mackay, Wendy},
title = {Videostrates: Collaborative, Distributed and Programmable Video Manipulation},
year = {2019},
isbn = {9781450368162},
publisher = {Association for Computing Machinery},
address = {New York, NY, USA},
doi = {10.1145/3332165.3347912},
booktitle = {Proceedings of the 32nd Annual ACM Symposium on User Interface Software and Technology},
pages = {233–247},
numpages = {15},
keywords = {collaborative video, information substrates, video editing},
location = {New Orleans, LA, USA},
series = {UIST '19}
}

@inproceedings{radle-2017-codestrates,
author = {R\"{a}dle, Roman and Nouwens, Midas and Antonsen, Kristian and Eagan, James R. and Klokmose, Clemens N.},
title = {Codestrates: Literate Computing with Webstrates},
year = {2017},
isbn = {9781450349819},
publisher = {Association for Computing Machinery},
address = {New York, NY, USA},
doi = {10.1145/3126594.3126642},
booktitle = {Proceedings of the 30th Annual ACM Symposium on User Interface Software and Technology},
pages = {715–725},
numpages = {11},
location = {Qu\'{e}bec City, QC, Canada},
series = {UIST '17}
}

@article{teitelbaum-1981-cps,
author = {Teitelbaum, Tim and Reps, Thomas},
title = {The Cornell program synthesizer: a syntax-directed programming environment},
year = {1981},
issue_date = {Sept. 1981},
publisher = {Association for Computing Machinery},
address = {New York, NY, USA},
volume = {24},
number = {9},
issn = {0001-0782},
doi = {10.1145/358746.358755},
journal = {Commun. ACM},
month = sep,
pages = {563–573},
numpages = {11},
}

@article{quint-1994-active,
  author       = {Vincent Quint and
                  Ir{\`{e}}ne Vatton},
  title        = {Making Structured Documents Active},
  journal      = {Electron. Publ.},
  volume       = {7},
  number       = {2},
  pages        = {55--74},
  year         = {1994},
}

@inproceedings{bier-1991-buttons,
author = {Bier, Eric A.},
title = {EmbeddedButtons: documents as user interfaces},
year = {1991},
isbn = {0897914511},
publisher = {Association for Computing Machinery},
address = {New York, NY, USA},
url = {https://doi.org/10.1145/120782.120787},
doi = {10.1145/120782.120787},
booktitle = {Proceedings of the 4th Annual ACM Symposium on User Interface Software and Technology},
pages = {45–53},
numpages = {9},
location = {Hilton Head, South Carolina, USA},
series = {UIST '91}
}
@misc{bracha-2024-docuapps,
  author       = {Gilad Bracha},
  title        = {DocuApps: Ampleforth Documents as Applications},
  howpublished = {Presetned at Workshop on Live Programming (LIVE 2024)},
  year         = {2024},
  address      = {Pasadena, California},
  note         = {Workshop presentation},
  url          = {https://www.youtube.com/watch?v=4GOeYylCMJI&t=28690s}
}

@InProceedings{klokmose-2015-webstrates,
    author    = {Klokmose, Clemens N. and Eagan, James R. and Baader, Siemen and Mackay, Wendy and Beaudouin-Lafon, Michel},
    title     = {Webstrates: Shareable Dynamic Media},
    year      = {2015},
    booktitle = {Proceedings of the 28th Annual ACM Symposium on User Interface Software \& Technology},
    series    = {UIST '15},
    doi       = {10.1145/2807442.2807446}
}

@InProceedings{voelter-2014-projection,
author="Voelter, Markus
and Siegmund, Janet
and Berger, Thorsten
and Kolb, Bernd",
editor="Combemale, Beno{\^i}t
and Pearce, David J.
and Barais, Olivier
and Vinju, Jurgen J.",
title="Towards User-Friendly Projectional Editors",
booktitle="Software Language Engineering",
year="2014",
publisher="Springer International Publishing",
address="Cham",
pages="41--61",
isbn="978-3-319-11245-9"
}


@inproceedings{mcnutt-2023-projectional,
  author       = {Andrew M. McNutt and
                  Ravi Chugh},
  title        = {Projectional Editors for JSON-Based DSLs},
  booktitle    = {{IEEE} Symposium on Visual Languages and Human-Centric Computing,
                  {VL/HCC} 2023, Washington, DC, USA, October 3-6, 2023},
  pages        = {60--70},
  publisher    = {{IEEE}},
  year         = {2023},
  doi          = {10.1109/VL-HCC57772.2023.00015},
}

@article{crichton-2024-document,
author = {Crichton, Will and Krishnamurthi, Shriram},
title = {A Core Calculus for Documents: Or, Lambda: The Ultimate Document},
year = {2024},
issue_date = {January 2024},
publisher = {Association for Computing Machinery},
address = {New York, NY, USA},
volume = {8},
number = {POPL},
doi = {10.1145/3632865},
journal = {Proc. ACM Program. Lang.},
month = jan,
articleno = {23},
numpages = {28},
keywords = {document languages, markup, templates}
}

@inproceedings{petricek-2025-denicek,
  author    = {Tomas Petricek and Jonathan Edwards},
  title     = {Denicek: Computational Substrate for Document-Oriented End-User Programming},
  booktitle = {Proceedings of the 38th ACM User Interface Software and Technology Symposium (UIST 2025)},
  year      = {2025},
  address   = {Busan, Korea},
  note      = {To appear}
}

@inproceedings{edwards-2005-subtext,
author = {Edwards, Jonathan},
title = {Subtext: uncovering the simplicity of programming},
year = {2005},
isbn = {1595930310},
publisher = {Association for Computing Machinery},
address = {New York, NY, USA},
doi = {10.1145/1094811.1094851},
booktitle = {Proceedings of the 20th Annual ACM SIGPLAN Conference on Object-Oriented Programming, Systems, Languages, and Applications},
pages = {505–518},
numpages = {14},
keywords = {copying, non-textual programming, prototypes, visual programming},
location = {San Diego, CA, USA},
series = {OOPSLA '05}
}

@misc{atkinson-1987-hypercard,
  author       = {Bill Atkinson},
  title        = {{HyperCard}},
  year         = {1987},
  howpublished = {Apple Computer, Inc.},
  address      = {Cupertino, CA}
}

@article{disessa-1985-design,
author = {diSessa, Andrea A.},
title = {A principled design for an integrated computational environment},
year = {1985},
issue_date = {March 1985},
publisher = {L. Erlbaum Associates Inc.},
address = {USA},
volume = {1},
number = {1},
issn = {0737-0024},
doi = {10.1207/s15327051hci0101_1},
journal = {Hum.-Comput. Interact.},
month = mar,
pages = {1–47},
numpages = {47}
}

@article{disessa-1986-boxer,
author = {diSessa, A. A and Abelson, H.},
title = {Boxer: a reconstructible computational medium},
year = {1986},
issue_date = {Sept. 1986},
publisher = {Association for Computing Machinery},
address = {New York, NY, USA},
volume = {29},
number = {9},
issn = {0001-0782},
doi = {10.1145/6592.6595},
journal = {Commun. ACM},
month = sep,
pages = {859–868},
numpages = {10}
}

@incollection{kluyver-2016-jupyter,
  title={Jupyter Notebooks--a publishing format for reproducible computational workflows},
  author={Kluyver, Thomas and Ragan-Kelley, Benjamin and P{\'e}rez, Fernando and Granger, Brian and Bussonnier, Matthias and Frederic, Jonathan and Kelley, Kyle and Hamrick, Jessica and Grout, Jason and Corlay, Sylvain and others},
  booktitle={Positioning and power in academic publishing: Players, agents and agendas},
  pages={87--90},
  year={2016},
  publisher={IOS press}
}

@techreport{clark-1999-xslt,
  author       = {Clark, James},
  title        = {{XSL Transformations (XSLT) Version 1.0}},
  institution  = {World Wide Web Consortium (W3C)},
  year         = {1999},
  month        = nov,
  url          = {https://www.w3.org/TR/1999/REC-xslt-19991116/},
  note         = {W3C Recommendation}
}

@article{hosoya-2003-xduce,
author = {Hosoya, Haruo and Pierce, Benjamin C.},
title = {XDuce: A statically typed XML processing language},
year = {2003},
issue_date = {May 2003},
publisher = {Association for Computing Machinery},
address = {New York, NY, USA},
volume = {3},
number = {2},
issn = {1533-5399},
doi = {10.1145/767193.767195},
journal = {ACM Trans. Internet Technol.},
month = may,
pages = {117–148},
numpages = {32},
keywords = {Type systems, XML, subtyping, tree automata}
}

@inproceedings{chlipala-2015-urweb,
author = {Chlipala, Adam},
title = {Ur/Web: A Simple Model for Programming the Web},
year = {2015},
isbn = {9781450333009},
publisher = {Association for Computing Machinery},
address = {New York, NY, USA},
doi = {10.1145/2676726.2677004},
booktitle = {Proceedings of the 42nd Annual ACM SIGPLAN-SIGACT Symposium on Principles of Programming Languages},
pages = {153–165},
numpages = {13},
keywords = {encapsulation, functional-reactive programming, message passing, relational databases, remote procedure calls, transactions, web programming languages},
location = {Mumbai, India},
series = {POPL '15}
}

@article{rein-2019-exploratory,
  author    = {Patrick Rein and Stefan Ramson and Jens Lincke and Robert Hirschfeld and Tobias Pape},
  title     = {Exploratory and Live, Programming and Coding: A Literature Study Comparing Perspectives on Liveness},
  journal   = {The Art, Science, and Engineering of Programming},
  year      = {2019},
  volume    = {3},
  number    = {1},
  pages     = {1--33},
  doi       = {10.22152/programming-journal.org/2019/3/1},
}

@article{jakubovic-2023-techdims,
 title     = {Technical Dimensions of Programming Systems},
 author    = {Joel Jakubovic and Jonathan Edwards and Tomas Pet{\v{r}}{\'\i}\v{c}ek},
 journal   = {The Art, Science, and Engineering of Programming},
 volume    = {7},
 number    = {3},
 pages     = {13:1--13:59},
 year      = {2023},
 doi       = {10.22152/programming-journal.org/2023/7/13},
 issn      = {2473-7321},
 url       = {https://programming-journal.org/2023/7/13/}
}

@phdthesis{jakubovic-2024-self,
  author       = {Joel Jakubovic},
  title        = {Achieving Self-Sustainability in Interactive Graphical Programming Systems},
  school       = {University of Kent},
  year         = {2024},
}

@INPROCEEDINGS{tanimoto-2013-live,
  author={Tanimoto, Steven L.},
  booktitle={2013 1st International Workshop on Live Programming (LIVE)},
  title={A perspective on the evolution of live programming},
  year={2013},
  volume={},
  number={},
  pages={31-34},
  doi={10.1109/LIVE.2013.6617346}}

@article{tanimoto-1990-viva,
title = {VIVA: A visual language for image processing},
journal = {Journal of Visual Languages \& Computing},
volume = {1},
number = {2},
pages = {127-139},
year = {1990},
issn = {1045-926X},
doi = {10.1016/S1045-926X(05)80012-6},
author = {Steven L. Tanimoto},
}

@book{goldberg-1984-orange,
  author    = {Adele Goldberg},
  title     = {Smalltalk-80: The Interactive Programming Environment},
  publisher = {Addison-Wesley},
  year      = {1984},
  isbn      = {0201113725},
  address   = {Reading, MA, USA}
}

@inproceedings{jakubovic-2022-bootstraplab,
author = {Jakubovic, Joel and Petricek, Tomas},
title = {Ascending the Ladder to Self-Sustainability: Achieving Open Evolution in an Interactive Graphical System},
year = {2022},
isbn = {9781450399098},
publisher = {Association for Computing Machinery},
address = {New York, NY, USA},
doi = {10.1145/3563835.3568736},
booktitle = {Proceedings of the 2022 ACM SIGPLAN International Symposium on New Ideas, New Paradigms, and Reflections on Programming and Software},
pages = {240–258},
numpages = {19},
keywords = {visual programming, self-sustaining, self-sustainable, interactive, domain-specific, context-specific, bootstrapping},
location = {Auckland, New Zealand},
series = {Onward! 2022}
}

@inproceedings{omar-2017-hazelnut,
author = {Omar, Cyrus and Voysey, Ian and Hilton, Michael and Aldrich, Jonathan and Hammer, Matthew A.},
title = {Hazelnut: a bidirectionally typed structure editor calculus},
year = {2017},
isbn = {9781450346603},
publisher = {Association for Computing Machinery},
address = {New York, NY, USA},
doi = {10.1145/3009837.3009900},
booktitle = {Proceedings of the 44th ACM SIGPLAN Symposium on Principles of Programming Languages},
pages = {86–99},
numpages = {14},
keywords = {bidirectional type systems, gradual typing, mechanized metatheory, structure editors},
location = {Paris, France},
series = {POPL '17}
}

@inproceedings{omar-2021-livelits,
author = {Omar, Cyrus and Moon, David and Blinn, Andrew and Voysey, Ian and Collins, Nick and Chugh, Ravi},
title = {Filling typed holes with live GUIs},
year = {2021},
isbn = {9781450383912},
publisher = {Association for Computing Machinery},
address = {New York, NY, USA},
url = {https://doi.org/10.1145/3453483.3454059},
doi = {10.1145/3453483.3454059},
booktitle = {Proceedings of the 42nd ACM SIGPLAN International Conference on Programming Language Design and Implementation},
pages = {511–525},
numpages = {15},
keywords = {GUIs, live programming, macros, typed holes},
location = {Virtual, Canada},
series = {PLDI 2021}
}
